<?xml version="1.0" encoding="UTF-8"?>
<record xmlns="http://www.loc.gov/MARC21/slim">
  <leader>03020ntm a22003977a 4500</leader>
  <controlfield tag="001">3445217</controlfield>
  <controlfield tag="005">20091105000200.0</controlfield>
  <controlfield tag="008">090115s1863    xx            000 i eng d</controlfield>
  <datafield tag="033" ind1="0" ind2="0">
    <subfield code="a">18630515</subfield>
  </datafield>
  <datafield tag="035" ind1=" " ind2=" ">
    <subfield code="a">3445217</subfield>
  </datafield>
  <datafield tag="040" ind1=" " ind2=" ">
    <subfield code="a">BRL</subfield>
  </datafield>
  <datafield tag="099" ind1=" " ind2=" ">
    <subfield code="a">Ms.A.9.2 v.31, p.62</subfield>
  </datafield>
  <datafield tag="100" ind1="1" ind2=" ">
    <subfield code="a">Chapman, Maria Weston,</subfield>
    <subfield code="d">1806-1885.</subfield>
  </datafield>
  <datafield tag="245" ind1="1" ind2="0">
    <subfield code="a">[Letter to] My dear Lizzy &amp; Anne</subfield>
    <subfield code="h">[manuscript].</subfield>
  </datafield>
  <datafield tag="260" ind1=" " ind2=" ">
    <subfield code="a">119 Madison Avenue, (corner of 31st Street), New York, [NY],</subfield>
    <subfield code="c">May 15th, Friday, 1863.</subfield>
  </datafield>
  <datafield tag="300" ind1=" " ind2=" ">
    <subfield code="a">4 leaves (16 p.) ;</subfield>
    <subfield code="c">8 3/8 x 5 3/8 in.</subfield>
  </datafield>
  <datafield tag="500" ind1=" " ind2=" ">
    <subfield code="a">Holograph, signed with initials.</subfield>
  </datafield>
  <datafield tag="500" ind1=" " ind2=" ">
    <subfield code="a">In this letter, Maria Weston Chapman said: &quot;The news of last week, -- that the Battle of Chancellorsville was the greatest disaster yet, is confirmed. But it makes no impression, as it causes no result. The story of the flight of the 11th army corps is frightful. Ingersoll Grafton was in their way as they came mad &amp; frantic with terror, shrieking &amp; praying to be allowed to run off in safety, ...&quot; Chapman explains: &quot;But they had been fighting 4 hours, we learn from other quarters, &amp; when they found they were not to be supported, while the enemy were being reinforced opposite to them, they gave way &amp; lost their heads. A whole German family, -- Colonel, two Lieutenants, &amp; two more subalterns were killed in striving to rally them &amp; refusing to be swept along in the fight. A very superior family -- Professors in some New York College. Name -- Perssner.&quot; Chapman says about Wendell Phillips that &quot;with all the good he might do,&quot; his judgment is weakened by emulation of Pillsbury and John Brown. William Jay is useful on Meade&apos;s staff; &quot;he &amp; his horse held out at the Battle of Chancellorsville till the very last.&quot; William Lloyd Garrison experiences &quot;some of the difficulty of disbanding an army.&quot; William Lloyd Garrison, Maria Weston Chapman, and H.C. Wright&apos;s attitudes contrast with those of [Samuel] May, Pillsbury, and Wendell Phillips. She reports on gossip about Sickles and Joseph Hooker and criticism of Charles Sumner.</subfield>
  </datafield>
  <datafield tag="600" ind1="1" ind2="0">
    <subfield code="a">Chapman, Maria Weston,</subfield>
    <subfield code="d">1806-1885</subfield>
    <subfield code="v">Correspondence.</subfield>
  </datafield>
  <datafield tag="600" ind1="1" ind2="0">
    <subfield code="a">Dicey, Anne Greene Chapman,</subfield>
    <subfield code="d">d. 1879</subfield>
    <subfield code="v">Correspondence.</subfield>
  </datafield>
  <datafield tag="600" ind1="1" ind2="0">
    <subfield code="a">Laugel, Elizabeth Bates Chapman,</subfield>
    <subfield code="d">b. 1831</subfield>
    <subfield code="v">Correspondence.</subfield>
  </datafield>
  <datafield tag="600" ind1="1" ind2="0">
    <subfield code="a">Garrison, William Lloyd,</subfield>
    <subfield code="d">1805-1879.</subfield>
  </datafield>
  <datafield tag="600" ind1="1" ind2="0">
    <subfield code="a">Hooker, Joseph,</subfield>
    <subfield code="d">1814-1879.</subfield>
  </datafield>
  <datafield tag="600" ind1="1" ind2="0">
    <subfield code="a">Jay, William.</subfield>
  </datafield>
  <datafield tag="600" ind1="1" ind2="0">
    <subfield code="a">Phillips, Wendell,</subfield>
    <subfield code="d">1811-1884.</subfield>
  </datafield>
  <datafield tag="600" ind1="1" ind2="0">
    <subfield code="a">Sumner, Charles,</subfield>
    <subfield code="d">1811-1874.</subfield>
  </datafield>
  <datafield tag="650" ind1=" " ind2="0">
    <subfield code="a">Chancellorsville, Battle of, Chancellorsville, Va., 1863.</subfield>
  </datafield>
  <datafield tag="650" ind1=" " ind2="0">
    <subfield code="a">Antislavery movements</subfield>
    <subfield code="z">United States</subfield>
    <subfield code="x">History</subfield>
    <subfield code="y">19th century.</subfield>
  </datafield>
  <datafield tag="650" ind1=" " ind2="0">
    <subfield code="a">Women abolitionists</subfield>
    <subfield code="z">Massachusetts</subfield>
    <subfield code="z">Boston</subfield>
    <subfield code="y">19th century</subfield>
    <subfield code="v">Correspondence.</subfield>
  </datafield>
  <datafield tag="651" ind1=" " ind2="0">
    <subfield code="a">United States</subfield>
    <subfield code="x">History</subfield>
    <subfield code="y">Civil War, 1861-1865.</subfield>
  </datafield>
  <datafield tag="655" ind1=" " ind2="0">
    <subfield code="a">Letters.</subfield>
  </datafield>
  <datafield tag="655" ind1=" " ind2="0">
    <subfield code="a">Manuscripts.</subfield>
  </datafield>
  <datafield tag="700" ind1="1" ind2=" ">
    <subfield code="a">Dicey, Anne Greene Chapman,</subfield>
    <subfield code="d">d. 1879,</subfield>
    <subfield code="e">recipient.</subfield>
  </datafield>
  <datafield tag="700" ind1="1" ind2=" ">
    <subfield code="a">Laugel, Elizabeth Bates Chapman,</subfield>
    <subfield code="d">b. 1831,</subfield>
    <subfield code="e">recipient.</subfield>
  </datafield>
  <datafield tag="830" ind1=" " ind2="0">
    <subfield code="a">Maria Weston Chapman Correspondence (1835-1885)</subfield>
  </datafield>
  <datafield tag="999" ind1=" " ind2=" ">
    <subfield code="a">shots: 16</subfield>
  </datafield>
</record>
